% references...
@article{williamsJSSC2006,
 author = {Williams, Gita C. and Bialac, Richard and Liu, Yi},
 title = {Using online self-assessment in introductory programming classes},
 journal = {J. Comput. Sci. Coll.},
 issue_date = {December 2006},
 volume = {22},
 number = {2},
 month = dec,
 year = {2006},
 issn = {1937-4771},
 pages = {115--122},
 numpages = {8},
 url = {http://dl.acm.org/citation.cfm?id=1181901.1181923},
 acmid = {1181923},
 publisher = {Consortium for Computing Sciences in Colleges},
 address = {USA},
} 

@inproceedings{gotelPPPJ2007,
 author = {Gotel, Olly and Scharff, Christelle and Wildenberg, Andy},
 title = {Extending and contributing to an open source web-based system for the assessment of programming problems},
 booktitle = {Proceedings of the 5th international symposium on Principles and practice of programming in Java},
 series = {PPPJ '07},
 year = {2007},
 isbn = {978-1-59593-672-1},
 location = {Lisboa, Portugal},
 pages = {3--12},
 numpages = {10},
 url = {http://doi.acm.org/10.1145/1294325.1294327},
 doi = {10.1145/1294325.1294327},
 acmid = {1294327},
 publisher = {ACM},
 address = {New York, NY, USA},
 keywords = {Eclipse, JUnit, Java, WeBWorK, automated grading, open source, peer-review, testing},
} 

@inproceedings{carterITiCSE2011,
 author = {Carter, Janet and Bouvier, Dennis and Cardell-Oliver, Rachel and Hamilton, Margaret and Kurkovsky, Stanislav and Markham, Stefanie and McClung, O. William and McDermott, Roger and Riedesel, Charles and Shi, Jian and White, Su},
 title = {Motivating all our students?},
 booktitle = {Proceedings of the 16th annual conference reports on Innovation and technology in computer science education - working group reports},
 series = {ITiCSE-WGR '11},
 year = {2011},
 isbn = {978-1-4503-1122-9},
 location = {Darmstadt, Germany},
 pages = {1--18},
 numpages = {18},
 url = {http://doi.acm.org/10.1145/2078856.2078858},
 doi = {10.1145/2078856.2078858},
 acmid = {2078858},
 publisher = {ACM},
 address = {New York, NY, USA},
 keywords = {differentiation in the classroom, learning programming, otivation},
} 


@article{hallJSSC2008,
 author = {Hall, Mark S.},
 title = {Code lab: nifty tools and assignments},
 journal = {J. Comput. Sci. Coll.},
 issue_date = {October 2008},
 volume = {24},
 number = {1},
 month = oct,
 year = {2008},
 issn = {1937-4771},
 pages = {100--101},
 numpages = {2},
 url = {http://dl.acm.org/citation.cfm?id=1409763.1409788},
 acmid = {1409788},
 publisher = {Consortium for Computing Sciences in Colleges},
 address = {USA},
}
